<?xml version="1.0" encoding="UTF-8"?><record xmlns="http://www.loc.gov/MARC21/slim" xmlns:cinclude="http://apache.org/cocoon/include/1.0" xmlns:zs="http://www.loc.gov/zing/srw/">
  <leader>00650nz  a2200145n  4500</leader>
  <controlfield tag="001">no2003023325</controlfield>
  <controlfield tag="003">DLC</controlfield>
  <controlfield tag="005">20030312052624.0</controlfield>
  <controlfield tag="008">030311n| acannaabn          |n aaa     c</controlfield>
  <datafield tag="010" ind1=" " ind2=" ">
    <subfield code="a">no2003023325</subfield>
  </datafield>
  <datafield tag="035" ind1=" " ind2=" ">
    <subfield code="a">(OCoLC)oca05993862</subfield>
  </datafield>
  <datafield tag="040" ind1=" " ind2=" ">
    <subfield code="a">MdU</subfield>
    <subfield code="b">eng</subfield>
    <subfield code="c">MdU</subfield>
  </datafield>
  <datafield tag="100" ind1="1" ind2=" ">
    <subfield code="a">Håstein, Tore</subfield>
  </datafield>
  <datafield tag="670" ind1=" " ind2=" ">
    <subfield code="a">Occurrence of shell disease in lobsters, Homarus gammarus (L.), in the southern part of Oslofjord, Norway, 1981:</subfield>
    <subfield code="b">t.p. (Tore Håstein, National Veterinary Institute, Oslo)</subfield>
  </datafield>
  <datafield tag="670" ind1=" " ind2=" ">
    <subfield code="a">WW in sci. in Eur., 7th ed. (1991), v. 4:</subfield>
    <subfield code="b">Norway (Håstein, Tore; b. 1937; head veterinary officer, Veterinaerinstituttet, Dept. of Aquaculture &amp; Fish Disease, 1965- )</subfield>
  </datafield>
</record>